@ARTICLE{project-doc,
    author = {Andreas Hasler, David Daniel},
    title = {Projektdokumentation Wetterstation},
    year = {2014},
    otherinfo = {Projektdokumentation-Wetterstation}
}

